<record><leader>00000cas a22000007a 4500</leader><controlfield tag="001">22282051</controlfield><controlfield tag="008">900827c19809999mauwr ne      0    0eng d</controlfield><datafield ind1=" " ind2=" " tag="010"><subfield code="a">sn 89063305 </subfield></datafield><datafield ind1=" " ind2=" " tag="040"><subfield code="a">MGN</subfield><subfield code="b">eng</subfield><subfield code="c">MGN</subfield><subfield code="d">OCLCQ</subfield></datafield><datafield ind1=" " ind2=" " tag="042"><subfield code="a">msc</subfield></datafield><datafield ind1="0" ind2=" " tag="130"><subfield code="a">Needham chronicle (Needham, Mass. : 1980)</subfield></datafield><datafield ind1="1" ind2="0" tag="245"><subfield code="a">Needham chronicle.</subfield></datafield><datafield ind1=" " ind2=" " tag="260"><subfield code="a">Dedham, Mass. :</subfield><subfield code="b">Transcript Newspapers Inc.</subfield></datafield><datafield ind1=" " ind2=" " tag="300"><subfield code="a">v.</subfield></datafield><datafield ind1=" " ind2=" " tag="310"><subfield code="a">Weekly</subfield></datafield><datafield ind1="1" ind2=" " tag="362"><subfield code="a">Began Jan. 2, 1980.</subfield></datafield><datafield ind1="0" ind2=" " tag="362"><subfield code="a">-v. 108, no. 18 (Apr. 30, 1986) ; v. 13, no. 19 (May 7, 1986)-v. 14, no. 4 (Jan. 28, 1987) ; v. 114, no. 5 (Feb. 4, 1987)-</subfield></datafield><datafield ind1=" " ind2=" " tag="588"><subfield code="a">Description based on: Vol. 105, no. 27 (July 6, 1983).</subfield></datafield><datafield ind1=" " ind2=" " tag="752"><subfield code="a">United States</subfield><subfield code="b">Massachusetts</subfield><subfield code="c">Norfolk</subfield><subfield code="d">Dedham.</subfield></datafield><datafield ind1=" " ind2=" " tag="752"><subfield code="a">United States</subfield><subfield code="b">Massachusetts</subfield><subfield code="c">Norfolk</subfield><subfield code="d">Needham.</subfield></datafield><datafield ind1="1" ind2=" " tag="029"><subfield code="a">AU@</subfield><subfield code="b">000025851890</subfield></datafield></record>